<?xml version="1.0" encoding="UTF-8"?><collection xmlns="http://www.loc.gov/MARC21/slim"><record><leader>00432nam--2200169-i-4500</leader><controlfield tag="001">000002747</controlfield><controlfield tag="002">20161230</controlfield><controlfield tag="005">20161230201025</controlfield><controlfield tag="008">060222s1000------------r-----000-0-fre-d</controlfield><datafield ind1=" " ind2=" " tag="040"><subfield code="a">IFIN-HH</subfield></datafield><datafield ind1=" " ind2=" " tag="041"><subfield code="a">fre</subfield></datafield><datafield ind1="1" ind2=" " tag="100"><subfield code="a">Brun, Edmond A</subfield></datafield><datafield ind1="1" ind2="0" tag="245"><subfield code="a">Introduction a l'etude de la couche limite</subfield><subfield code="c">Edmond A. Brun</subfield></datafield><datafield ind1=" " ind2=" " tag="260"><subfield code="a">Paris, Gauthier-villars, 1955</subfield></datafield><datafield ind1=" " ind2=" " tag="300"><subfield code="a">190 P</subfield></datafield><datafield ind1=" " ind2=" " tag="852"><subfield code="a">10376</subfield><subfield code="c">532</subfield></datafield><datafield ind1=" " ind2=" " tag="CAT"><subfield code="a">Sys</subfield><subfield code="c">20100712</subfield><subfield code="h">150549</subfield></datafield></record></collection>